%--------------------------------------------------
@misc{
adv:HP,
title={{ADVENTURE} {Project} ウェブサイト},
note={http://adventure.sys.t.u-tokyo.ac.jp/},
}

